@article{breiman,
    author =       "L. Breiman",
    title =        "{Random forests}, Machine Learning", 
    volume =       "vol.45",
    number =       "no.1",
    pages =        "5--32",
    year =         "2001",
}

@article{aHo,
    author =       "T. K. Ho",
    title =        "{Random decision forests}",
    journal =      "Proceedings of 3rd International Conference
on Document Analysis and Recognition",
    volume =       "vol.1",
    pages =        "278–-282",
    year =         "1995",
    DOI =          "https://web.archive.org/web/20160417030218/http://ect.bell-labs.com/who/tkh/publications/papers/odt.pdf",

}



@online{cRF,
    author    = "IBM.com",
    title     = "Random Forest",
    url       = "https://www.ibm.com/cloud/learn/random-forest",
    keywords  = "radom forest"
}

@online{dkdN,
    author    = "Nagesh Singh Chauhan",
    title     = "Random Forest® — A Powerful Ensemble Learning Algorithm",
    url       = "https://www.kdnuggets.com/2020/01/random-forest-powerful-ensemble-learning-algorithm.html",
    keywords  = "radom forest"
}

@online{eupgrad,
    author    = "Pavan Vadapalli",
    title     = "Random Forest Hyperparameter Tuning: Processes Explained with Coding",
    url       = "https://www.upgrad.com/blog/random-forest-hyperparameter-tuning/",
    keywords  = "radom forest"
}

@online {eetimes,
    author    = "Rafey Mahmud",
    title     = "Techniques For Glitch Free Clock Switching (MUX)",
    url       = "https://www.eetimes.com/techniques-to-make-clock-switching-glitch-free/",
    keywords  = "clock multiplexer glitch free"
}

@online {anysilicon,
    title     = "Clock Domain Crossing (CDC)",
    url       = "https://anysilicon.com/clock-domain-crossing-cdc/",
    keywords  = "clock domain crossing"
}

@online {hackster.io,
    author    = "Vijay Subas",
    title     = "PYNQ for Kria KV260",
    url       = "https://www.hackster.io/vjsubas/pynq-for-kria-kv260-55e419",
    keywords  = "Pynq"
}

@online {nandland,
    title     = "What is a FIFO in an FPGA",
    url       = "https://nandland.com/lesson-8-what-is-a-fifo/",
    keywords  = "FIFO"
}